@inproceedings{liu2018zeroth,
  title={Zeroth-order stochastic variance reduction for nonconvex optimization},
  author={Liu, Sijia and Kailkhura, Bhavya and Chen, Pin-Yu and Ting, Paishun and Chang, Shiyu and Amini, Lisa},
  booktitle={Advances in Neural Information Processing Systems},
  pages={3727--3737},
  year={2018}
}

@article{gao2018information,
  title={On the information-adaptive variants of the ADMM: an iteration complexity perspective},
  author={Gao, Xiang and Jiang, Bo and Zhang, Shuzhong},
  journal={Journal of Scientific Computing},
  volume={76},
  number={1},
  pages={327--363},
  year={2018},
  publisher={Springer}
}

@inproceedings{ji2019improved,
  title={Improved Zeroth-Order Variance Reduced Algorithms and Analysis for Nonconvex Optimization},
  author={Ji, Kaiyi and Wang, Zhe and Zhou, Yi and Liang, Yingbin},
  booktitle={International Conference on Machine Learning},
  pages={3100--3109},
  year={2019}
}

